@misc{liang2015,
title = {Quantum Fully Homomorphic Encryption Scheme Based on Universal Quantum Circuit},
author = {Liang, Min},
journal = {Quantum Information Processing},
month = {August},
year = {2015},
}

@misc{lai2017,
title           = {On Statistically-secure Quantum Homomorphic Encryption},
author          = {
Ching-Yi Lai and Kai-Ming Chung
},
year            = {2017},
month           = {April},
howpublished    = {https://arxiv.org/pdf/1705.00139},
}

@misc{ambainis2000,
title           = {Private Quantum Channels},
author          = {
Andris Ambainis and Michele Mosca and Alain Tapp and Ronald de Wolf
},
year            = {2000},
month           = {January},
howpublished    = {16th Annual Symposium on Foundations of Computer Science},
}

@misc{liang2014,
title           = {
Symmetric Quantum Fully Homomorphic Encryption with Perfect Security
},
author          = {Min Liang},
year            = {2014},
month           = {August},
howpublished    = {https://arxiv.org/abs/1304.5087},
}

@misc{broadbent2015,
title= {Quantum Homomorphic Encryption for Circuits of Low T-gate Complexity},
author= {Broadbent, Anne and Jeffery, Stacey},
year= {2015},
bookTitle={Advances in Cryptology -- CRYPTO 2015: 35th Annual Cryptology Conference, Santa Barbara, CA, USA, August 16-20, 2015, Proceedings, Part II},
}

@misc{dulek2016,
title           = {Quantum Homomorphic Encryption for Polynomially-Sized Circuits},
author          = {
Yfke Dulek and Christian Schaffner and Florian Speelman
},
year            = {2016},
month           = {June},
howpublished    = {https://arxiv.org/pdf/1603.09717},
}

@misc{alagic2016,
title           = {Computational Security of Quantum Encryption},
author          = {
Gorjan Alagic and Anne Broadbent and Bill Fefferman and Tommaso Gigliardoni and Christian Schaffner and Michael St. Jules
},
year            = {2016},
month           = {February},
howpublished    = {https://arxiv.org/pdf/1602.01441},
}

@misc{yu2014,
title           = {
Limitations on Information Theoretically Secure Quantum Homomorphic Encryption
},
author          = {Li Yu and Carlos A. Perez-Delgado and Joseph F. Fitzsimons},
year            = {2014},
month           = {June},
howpublished    = {https://arxiv.org/abs/1406.2456},
}
