@inproceedings{ambainis2000,
 title={Private Quantum Channels},
 author={Andris Ambainis and Michele Mosca and Alain Tapp and Ronald de Wolf},
 booktitle={FOCS},
 year={2000}
}

@ARTICLE{yu2014,
  author = {{Yu}, L. and {P{\'e}rez-Delgado}, C.~A. and {Fitzsimons}, J.~F.
        },
   title = "{Limitations on information-theoretically-secure quantum homomorphic encryption}",
    year = 2014,
   month = nov,
  volume = 90,
  number = 5,
     eid = {050303},
   pages = {050303},
     doi = {10.1103/PhysRevA.90.050303},
  adsurl = {http://adsabs.harvard.edu/abs/2014PhRvA..90e0303Y},
 adsnote = {Provided by the SAO/NASA Astrophysics Data System}
}

@inproceedings{broadbent2015,
 title={Quantum homomorphic encryption for circuits of low {T-gate} complexity},
 author={Broadbent, Anne and Jeffery, Stacey},
 booktitle={Annual Cryptology Conference},
 pages={609--629},
 year={2015},
 organization={Springer}
}

@article{dulek2016,
 title={Quantum homomorphic encryption for polynomial-sized circuits},
 author={Dulek, Yfke and Schaffner, Christian and Speelman, Florian}, 
  year ={2016}
}

@article{rivest1978,
  added-at = {2011-02-14T16:52:54.000+0100},
  author = {Rivest, R L and Adleman, L and Dertouzos, M L},
  journal = {Foundations of Secure Computation, Academia Press},
  pages = {169--179},
  title = {On Data Banks and Privacy Homomorphisms},
  year = {1978}
}
